<?xml version="1.0" encoding="UTF-8"?><record xmlns="http://www.loc.gov/MARC21/slim" xmlns:cinclude="http://apache.org/cocoon/include/1.0" xmlns:zs="http://www.loc.gov/zing/srw/">
  <leader>00937cz  a2200193n  4500</leader>
  <controlfield tag="001">n  95074888 </controlfield>
  <controlfield tag="003">DLC</controlfield>
  <controlfield tag="005">20130308100622.0</controlfield>
  <controlfield tag="008">950728n| azaabaaa           |a ana      </controlfield>
  <datafield tag="010" ind1=" " ind2=" ">
    <subfield code="a">n  95074888 </subfield>
  </datafield>
  <datafield tag="040" ind1=" " ind2=" ">
    <subfield code="a">DLC</subfield>
    <subfield code="b">eng</subfield>
    <subfield code="e">rda</subfield>
    <subfield code="c">DLC</subfield>
    <subfield code="d">DLC</subfield>
  </datafield>
  <datafield tag="130" ind1=" " ind2="0">
    <subfield code="a">IFC Global agribusiness series</subfield>
  </datafield>
  <datafield tag="430" ind1=" " ind2="0">
    <subfield code="a">Global agribusiness series</subfield>
  </datafield>
  <datafield tag="410" ind1="2" ind2=" ">
    <subfield code="a">International Finance Corporation.</subfield>
    <subfield code="b">Agribusiness Department.</subfield>
    <subfield code="t">Global agribusiness series</subfield>
  </datafield>
  <datafield tag="643" ind1=" " ind2=" ">
    <subfield code="a">Washington, D.C.</subfield>
    <subfield code="b">World Bank</subfield>
  </datafield>
  <datafield tag="644" ind1=" " ind2=" ">
    <subfield code="a">f</subfield>
    <subfield code="5">DLC</subfield>
  </datafield>
  <datafield tag="645" ind1=" " ind2=" ">
    <subfield code="a">t</subfield>
    <subfield code="5">DLC</subfield>
  </datafield>
  <datafield tag="646" ind1=" " ind2=" ">
    <subfield code="a">s</subfield>
    <subfield code="5">DLC</subfield>
  </datafield>
  <datafield tag="670" ind1=" " ind2=" ">
    <subfield code="a">The world poultry industry, 1995:</subfield>
    <subfield code="b">CIP t.p. (ICF (International Finance Corporation) Global agribusiness series)) CIP data sheet (ICF Global agribusiness) CIP galley (This report is the first of a series of reports to be published by the Agribusiness Department of the ICF. This series will comprise sectoral presentations of industry trends with specific emphasis on the developing countries)</subfield>
  </datafield>
</record>